% Encoding: UTF-8


@Misc{Geraetenutzung,
  author       = {{Mindshare}},
  title        = {{Über welche der folgenden Geräte nutzen Sie das Internet?}},
  howpublished = {\url{https://de-statista-com.ezproxy.fh-salzburg.ac.at/statistik/daten/studie/742449/umfrage/umfrage-zur-internetnutzung-nach-geraetetyp-in-oesterreich-nach-alter/} (2018)},
}

@Book{WasistSoftware,
  title     = {Lehrbuch der Softwaretechnik: Softwaremanagement},
  publisher = {Springer Spektrum},
  year      = {2008},
  author    = {Balzert, Helmut},
  address   = {Heidelberg, Neckar},
  edition   = {2., Aufl.},
  isbn      = {978-3-8274-1705-3},
  interhash = {c25f0a2b873cdb0e02032ad579e5bc29},
  intrahash = {030a63590fe5f5b21193e1f1ec354602},
  keywords  = {UBMA},
  pages     = {17 - 18},
  timestamp = {2009-09-29T14:55:28.000+0200},
}

@INPROCEEDINGS{PWAvsNative, 
author={D. Fortunato and J. Bernardino}, 
booktitle={2018 13th Iberian Conference on Information Systems and Technologies (CISTI)}, 
title={Progressive web apps: An alternative to the native mobile Apps}, 
year={2018}, 
volume={}, 
number={}, 
pages={1-6}, 
keywords={Androids;Browsers;Global Positioning System;Google;Humanoid robots;Internet;Smart phones;Android;Mobile Native Apps;Progressive Web Apps;Web Apps;Windows;iOS}, 
doi={10.23919/CISTI.2018.8399228}, 
ISSN={}, 
month={June},}

@Misc{NativeAppHistory,
  author       = {{Mindshare}},
  title        = {{Software - Geschichte der Software}},
  howpublished = {\url{http://www.wave3software.com/} (2018)},
}

@Misc{Microsoft,
  author       = {{Microsoft Corporation}},
  title        = {{Microsoft Fast Facts}},
  howpublished = {\url{https://news.microsoft.com/de-de/fast-facts/} (2018)},
}

@Misc{SAP,
  author       = {{SAP SE}},
  title        = {{SAP: 46 Jahre Innovation}},
  howpublished = {\url{https://www.sap.com/corporate/de/company/history.html} (2018)},
}


@INPROCEEDINGS{AlternativePWA, 
author={D. Fortunato and J. Bernardino}, 
booktitle={2018 13th Iberian Conference on Information Systems and Technologies (CISTI)}, 
title={Progressive web apps: An alternative to the native mobile Apps}, 
year={2018}, 
volume={}, 
number={}, 
pages={1-6}, 
keywords={mobile computing;online front-ends;operating systems (computers);mobile market;optimized mobile apps;mobile operation systems;web technologies;web developments;mobile native apps;mobile platform;progressive web apps;native mobile apps;Browsers;Androids;Humanoid robots;Google;Internet;Smart phones;Global Positioning System;Web Apps;Progressive Web Apps;Android;iOS;Windows;Mobile Native Apps}, 
doi={10.23919/CISTI.2018.8399228}, 
ISSN={}, 
month={June},}

@INPROCEEDINGS{SWProxy, 
author={A. Luntovskyy}, 
booktitle={2018 14th International Conference on Advanced Trends in Radioelecrtronics, Telecommunications and Computer Engineering (TCSET)}, 
title={Advanced software-technological approaches for mobile apps development}, 
year={2018}, 
volume={}, 
number={}, 
pages={113-118}, 
keywords={cloud computing;mobile computing;mobile radio;operating systems (computers);mobile radio nets;mobile access;hybrid applications;mobile application development;Web-based applications;OS containers;sandboxes;AJAX;service workers;progressive Web applications;fog-cloud cooperation;plain Web applications;Virtualization;Cloud computing;Java;Containers;Sensors;Browsers;Computer architecture;clouds;mobile apps;web apps;progressive web apps;fog;fog-cloud platform}, 
doi={10.1109/TCSET.2018.8336168}, 
ISSN={}, 
month={Feb},}

@Comment{jabref-meta: databaseType:bibtex;}
